
@book{JR:12,
	author = "Jason R. Briggs",
	title = "Python for Kids",
	publisher = "No Starch Press, Incorporated",
}

